<record><leader>00000cas a2200000 a 4500</leader><controlfield tag="001">9338613</controlfield><controlfield tag="008">830323d18821892iludn ne      0   a0eng  </controlfield><datafield ind1=" " ind2=" " tag="010"><subfield code="a">sn 82016454 </subfield></datafield><datafield ind1=" " ind2=" " tag="040"><subfield code="a">DLC</subfield><subfield code="b">eng</subfield><subfield code="c">DLC</subfield><subfield code="d">NPV</subfield><subfield code="d">NPW</subfield><subfield code="d">DLC</subfield><subfield code="d">NVF</subfield><subfield code="d">MGN</subfield><subfield code="d">NVF</subfield><subfield code="d">CVF</subfield><subfield code="d">NVF</subfield><subfield code="d">OCLCQ</subfield><subfield code="d">OCLCO</subfield><subfield code="d">OCLCF</subfield><subfield code="d">NVF</subfield><subfield code="d">OCLCO</subfield></datafield><datafield ind1="1" ind2=" " tag="029"><subfield code="a">AU@</subfield><subfield code="b">000020398338</subfield></datafield><datafield ind1=" " ind2=" " tag="042"><subfield code="a">pcc</subfield></datafield><datafield ind1=" " ind2=" " tag="043"><subfield code="a">n-us-il</subfield></datafield><datafield ind1="0" ind2="0" tag="050"><subfield code="a">Newspaper 7610</subfield></datafield><datafield ind1="0" ind2=" " tag="130"><subfield code="a">Chicago daily news (Chicago, Ill. : Morning ed.)</subfield></datafield><datafield ind1="1" ind2="4" tag="245"><subfield code="a">The Chicago daily news.</subfield></datafield><datafield ind1="1" ind2="3" tag="246"><subfield code="a">Daily news</subfield></datafield><datafield ind1="1" ind2="7" tag="246"><subfield code="a">Morning news</subfield></datafield><datafield ind1=" " ind2=" " tag="250"><subfield code="a">[Morning ed.].</subfield></datafield><datafield ind1=" " ind2=" " tag="260"><subfield code="a">Chicago, Ill. :</subfield><subfield code="b">Victor F. Lawson &amp; Co.,</subfield><subfield code="c">1882-1892.</subfield></datafield><datafield ind1=" " ind2=" " tag="300"><subfield code="a">v.</subfield></datafield><datafield ind1=" " ind2=" " tag="310"><subfield code="a">Daily (except Sunday)</subfield></datafield><datafield ind1="0" ind2=" " tag="362"><subfield code="a">Vol. 2, no. 104 (July 24, 1882)-v. 8, no. 313 (Dec. 31, 1888) ; 14th year, no. 1 (Jan. 1, 1889)-17th year, no. 110 (May 7, 1892).</subfield></datafield><datafield ind1=" " ind2=" " tag="515"><subfield code="a">Continues the numbering of Chicago morning news.</subfield></datafield><datafield ind1=" " ind2=" " tag="530"><subfield code="a">Available on microfilm;</subfield><subfield code="b">University of Chicago.</subfield></datafield><datafield ind1=" " ind2="0" tag="651"><subfield code="a">Chicago (Ill.)</subfield><subfield code="v">Newspapers.</subfield></datafield><datafield ind1=" " ind2="7" tag="651"><subfield code="a">Illinois</subfield><subfield code="z">Chicago.</subfield><subfield code="2">fast</subfield><subfield code="0">(OCoLC)fst01204048</subfield></datafield><datafield ind1=" " ind2="7" tag="655"><subfield code="a">Newspapers.</subfield><subfield code="2">fast</subfield><subfield code="0">(OCoLC)fst01423814</subfield></datafield><datafield ind1=" " ind2=" " tag="752"><subfield code="a">United States</subfield><subfield code="b">Illinois</subfield><subfield code="c">Cook</subfield><subfield code="d">Chicago.</subfield></datafield><datafield ind1="0" ind2=" " tag="775"><subfield code="t">Chicago weekly news</subfield><subfield code="w">(DLC)sn 83045071</subfield><subfield code="w">(OCoLC)9291630</subfield></datafield><datafield ind1="0" ind2=" " tag="775"><subfield code="t">Chicago daily news (Chicago, Ill. : 1875)</subfield><subfield code="w">(DLC)sn 83045178</subfield><subfield code="w">(OCoLC)1554149</subfield></datafield><datafield ind1="0" ind2="0" tag="780"><subfield code="t">Chicago morning news</subfield><subfield code="w">(DLC)sn 82016456</subfield><subfield code="w">(OCoLC)9345676</subfield></datafield><datafield ind1="0" ind2="0" tag="785"><subfield code="t">Chicago news record</subfield><subfield code="w">(DLC)sn 82006859</subfield><subfield code="w">(OCoLC)8797323</subfield></datafield></record>